<?xml version="1.0" encoding="UTF-8"?><collection xmlns="http://www.loc.gov/MARC21/slim"><record><leader>00515nam--2200193-u-4500</leader><controlfield tag="001">000055966</controlfield><controlfield tag="002">20161230</controlfield><controlfield tag="005">20161230201052</controlfield><controlfield tag="008">130828s1000------------r-----000-0-rus-d</controlfield><datafield ind1=" " ind2=" " tag="040"><subfield code="a">IFIN-HH</subfield></datafield><datafield ind1=" " ind2=" " tag="041"><subfield code="a">rus</subfield></datafield><datafield ind1=" " ind2=" " tag="080"><subfield code="a">621.039:523</subfield></datafield><datafield ind1="1" ind2=" " tag="100"><subfield code="a">Pedersen, Erik S</subfield></datafield><datafield ind1="1" ind2="0" tag="245"><subfield code="a">Atomnaia energia v kosmose</subfield><subfield code="c">Erik s. pederden</subfield></datafield><datafield ind1=" " ind2=" " tag="260"><subfield code="a">Moskva</subfield><subfield code="b">Atomizdat</subfield><subfield code="c">1967</subfield></datafield><datafield ind1=" " ind2=" " tag="300"><subfield code="a">375P</subfield></datafield><datafield ind1=" " ind2=" " tag="500"><subfield code="a">Titlul Original In Limba Engleza: Nuclear Energy In Space</subfield></datafield><datafield ind1=" " ind2=" " tag="852"><subfield code="a">27556</subfield><subfield code="c">523</subfield></datafield><datafield ind1=" " ind2=" " tag="CAT"><subfield code="a">Sys</subfield><subfield code="c">20130828</subfield><subfield code="h">170934</subfield></datafield></record></collection>